# sample entry
@inproceedings{large-scale-p2p-sim,
	author = {Dinh, Tien Tuan Anh and Theodoropoulos, Georgios and Minson, Rob},
	title = {{Evaluating Large Scale Distributed Simulation of P2P Networks}},
	booktitle = {DS-RT '08: Proceedings of the 2008 12th IEEE/ACM International Symposium on Distributed Simulation and Real-Time Applications},
	year = {2008},
	isbn = {978-0-7695-3425-1},
	pages = {51--58},
	doi = {http://dx.doi.org/10.1109/DS-RT.2008.36},
	publisher = {IEEE Computer Society},
	address = {Washington, DC, USA},
}

@misc{binmaps,
	author = {V. Grishchenko, J. Pouwelse},
	title = {{Binmaps: hybridizing bitmaps and binary trees}},
	year = {2009},
	howpublished = {http://bouillon.math.usu.ru/articles/binmaps-alenex.pdf},
}

@misc{merkle,
	author = {R. Merkle},
	title = {{A Digital Signature Based on a Conventional Encryption Function}},
	booktitle = {Proceedings CRYPTO'87},
	year = {1987},
	pages = {369--378},
	address = {Santa Barbara, CA, USA},       
}

@misc{bittorrent,
	author = {Bram Cohen},
	title = {{Incentives Build Robustness in BitTorrent}},
	howpublished = {http://www.bittorrent.org/bittorrentecon.pdf},
}

@misc{merkle-ext,
	author = {Arno Bakker},
	title = {{Merkle hash torrent extension}},
	booktitle = {BEP 30},
	howpublished = {http://bittorrent.org/beps/bep\_0030.html},
}

@misc{ledbat,
	author = {S. Shalunov},
	title = {{Low Extra Delay Background Transport (LEDBAT)}},
	howpublished = {http://www.ietf.org/id/draft-ietf-ledbat-congestion-00.txt},
	year = {2009},
}

@misc{ledbat2,
	author = {S. Shalunov, G. Hazel},
	title = {{Low Extra Delay Background Transport (LEDBAT)}},
	howpublished = {http://tools.ietf.org/html/draft-ietf-ledbat-congestion-03},
	year = {2010},
}


@misc{peer-to-peer,
	author = {B. Ford, P. Srisuresh, D. Kegel},
	title = {{Peer-to-Peer Communication Across Network Address Translators}},
	howpublished = {http://www.brynosaurus.com/pub/net/p2pnat/},
}
  
@misc{cdnwiki,
	title = {{Wikipedia Content Delivery Network(CDN) page}},
	howpublished = {http://en.wikipedia.org/wiki/Content_delivery_network},
}

@misc{kernel,
       author = {R. Love},
       title = {{Linux Kernel Development}},
       booktitle = {{Talking Directly to the Kernel and C Library}},
       year = {2004},
}

@misc{socket,
       author = {R. Stevens},
       title = {{UNIX Network Programming, Volume 2, Second Edition}},
       booktitle = {{Interprocess Communications}},
       year = {1999},
}